% -------------------------------------------------- %
% -------------- Biblatex Literatur ---------------- %
% -------------------------------------------------- % 


@online{Oszillograph,
    title = {GDS‐1000A‐U Specifications},
    url = {https://www.gwinstek.com/en-GB/products/downloadSeriesSpec/18},
    urldate = {2025-08-20},
    author = {Good Will Instrument Co. Ltd.}
}